%YAML 1.1
%TAG !u! tag:unity3d.com,2011:
--- !u!1 &5847864380322330158
GameObject:
  m_ObjectHideFlags: 0
  m_CorrespondingSourceObject: {fileID: 0}
  m_PrefabInstance: {fileID: 0}
  m_PrefabAsset: {fileID: 0}
  serializedVersion: 6
  m_Component:
  - component: {fileID: 5847864380322330145}
  m_Layer: 0
  m_Name: Spawners
  m_TagString: Untagged
  m_Icon: {fileID: 0}
  m_NavMeshLayer: 0
  m_StaticEditorFlags: 0
  m_IsActive: 1
--- !u!4 &5847864380322330145
Transform:
  m_ObjectHideFlags: 0
  m_CorrespondingSourceObject: {fileID: 0}
  m_PrefabInstance: {fileID: 0}
  m_PrefabAsset: {fileID: 0}
  m_GameObject: {fileID: 5847864380322330158}
  m_LocalRotation: {x: 0, y: 0, z: 0, w: 1}
  m_LocalPosition: {x: 0, y: 0, z: 0}
  m_LocalScale: {x: 1, y: 1, z: 1}
  m_Children:
  - {fileID: 5847864381649807336}
  - {fileID: 7830154178257496146}
  - {fileID: 7830154179059111197}
  - {fileID: 7830154178871457532}
  - {fileID: 7830154178705269028}
  m_Father: {fileID: 0}
  m_RootOrder: 0
  m_LocalEulerAnglesHint: {x: 0, y: 0, z: 0}
--- !u!1001 &5847864380439322938
PrefabInstance:
  m_ObjectHideFlags: 0
  serializedVersion: 2
  m_Modification:
    m_TransformParent: {fileID: 5847864380322330145}
    m_Modifications:
    - target: {fileID: 4435344241331980648, guid: dff367a9d703cf34ba54603cb7b7746b,
        type: 3}
      propertyPath: m_LocalPosition.x
      value: 10
      objectReference: {fileID: 0}
    - target: {fileID: 4435344241331980648, guid: dff367a9d703cf34ba54603cb7b7746b,
        type: 3}
      propertyPath: m_LocalPosition.y
      value: 2
      objectReference: {fileID: 0}
    - target: {fileID: 4435344241331980648, guid: dff367a9d703cf34ba54603cb7b7746b,
        type: 3}
      propertyPath: m_LocalPosition.z
      value: 0.040039062
      objectReference: {fileID: 0}
    - target: {fileID: 4435344241331980648, guid: dff367a9d703cf34ba54603cb7b7746b,
        type: 3}
      propertyPath: m_LocalRotation.x
      value: -0
      objectReference: {fileID: 0}
    - target: {fileID: 4435344241331980648, guid: dff367a9d703cf34ba54603cb7b7746b,
        type: 3}
      propertyPath: m_LocalRotation.y
      value: -0
      objectReference: {fileID: 0}
    - target: {fileID: 4435344241331980648, guid: dff367a9d703cf34ba54603cb7b7746b,
        type: 3}
      propertyPath: m_LocalRotation.z
      value: -0
      objectReference: {fileID: 0}
    - target: {fileID: 4435344241331980648, guid: dff367a9d703cf34ba54603cb7b7746b,
        type: 3}
      propertyPath: m_LocalRotation.w
      value: 1
      objectReference: {fileID: 0}
    - target: {fileID: 4435344241331980648, guid: dff367a9d703cf34ba54603cb7b7746b,
        type: 3}
      propertyPath: m_RootOrder
      value: 1
      objectReference: {fileID: 0}
    - target: {fileID: 4435344241331980648, guid: dff367a9d703cf34ba54603cb7b7746b,
        type: 3}
      propertyPath: m_LocalEulerAnglesHint.x
      value: 0
      objectReference: {fileID: 0}
    - target: {fileID: 4435344241331980648, guid: dff367a9d703cf34ba54603cb7b7746b,
        type: 3}
      propertyPath: m_LocalEulerAnglesHint.y
      value: 0
      objectReference: {fileID: 0}
    - target: {fileID: 4435344241331980648, guid: dff367a9d703cf34ba54603cb7b7746b,
        type: 3}
      propertyPath: m_LocalEulerAnglesHint.z
      value: 0
      objectReference: {fileID: 0}
    - target: {fileID: 4435344241331980649, guid: dff367a9d703cf34ba54603cb7b7746b,
        type: 3}
      propertyPath: m_Name
      value: Spawner (2)
      objectReference: {fileID: 0}
    m_RemovedComponents: []
  m_SourcePrefab: {fileID: 100100000, guid: dff367a9d703cf34ba54603cb7b7746b, type: 3}
--- !u!4 &7830154178257496146 stripped
Transform:
  m_CorrespondingSourceObject: {fileID: 4435344241331980648, guid: dff367a9d703cf34ba54603cb7b7746b,
    type: 3}
  m_PrefabInstance: {fileID: 5847864380439322938}
  m_PrefabAsset: {fileID: 0}
--- !u!1001 &5847864381189023820
PrefabInstance:
  m_ObjectHideFlags: 0
  serializedVersion: 2
  m_Modification:
    m_TransformParent: {fileID: 5847864380322330145}
    m_Modifications:
    - target: {fileID: 4435344241331980648, guid: dff367a9d703cf34ba54603cb7b7746b,
        type: 3}
      propertyPath: m_LocalPosition.x
      value: 10
      objectReference: {fileID: 0}
    - target: {fileID: 4435344241331980648, guid: dff367a9d703cf34ba54603cb7b7746b,
        type: 3}
      propertyPath: m_LocalPosition.y
      value: 5
      objectReference: {fileID: 0}
    - target: {fileID: 4435344241331980648, guid: dff367a9d703cf34ba54603cb7b7746b,
        type: 3}
      propertyPath: m_LocalPosition.z
      value: 0.040039062
      objectReference: {fileID: 0}
    - target: {fileID: 4435344241331980648, guid: dff367a9d703cf34ba54603cb7b7746b,
        type: 3}
      propertyPath: m_LocalRotation.x
      value: -0
      objectReference: {fileID: 0}
    - target: {fileID: 4435344241331980648, guid: dff367a9d703cf34ba54603cb7b7746b,
        type: 3}
      propertyPath: m_LocalRotation.y
      value: -0
      objectReference: {fileID: 0}
    - target: {fileID: 4435344241331980648, guid: dff367a9d703cf34ba54603cb7b7746b,
        type: 3}
      propertyPath: m_LocalRotation.z
      value: -0
      objectReference: {fileID: 0}
    - target: {fileID: 4435344241331980648, guid: dff367a9d703cf34ba54603cb7b7746b,
        type: 3}
      propertyPath: m_LocalRotation.w
      value: 1
      objectReference: {fileID: 0}
    - target: {fileID: 4435344241331980648, guid: dff367a9d703cf34ba54603cb7b7746b,
        type: 3}
      propertyPath: m_RootOrder
      value: 4
      objectReference: {fileID: 0}
    - target: {fileID: 4435344241331980648, guid: dff367a9d703cf34ba54603cb7b7746b,
        type: 3}
      propertyPath: m_LocalEulerAnglesHint.x
      value: 0
      objectReference: {fileID: 0}
    - target: {fileID: 4435344241331980648, guid: dff367a9d703cf34ba54603cb7b7746b,
        type: 3}
      propertyPath: m_LocalEulerAnglesHint.y
      value: 0
      objectReference: {fileID: 0}
    - target: {fileID: 4435344241331980648, guid: dff367a9d703cf34ba54603cb7b7746b,
        type: 3}
      propertyPath: m_LocalEulerAnglesHint.z
      value: 0
      objectReference: {fileID: 0}
    - target: {fileID: 4435344241331980649, guid: dff367a9d703cf34ba54603cb7b7746b,
        type: 3}
      propertyPath: m_Name
      value: Spawner (5)
      objectReference: {fileID: 0}
    m_RemovedComponents: []
  m_SourcePrefab: {fileID: 100100000, guid: dff367a9d703cf34ba54603cb7b7746b, type: 3}
--- !u!4 &7830154178705269028 stripped
Transform:
  m_CorrespondingSourceObject: {fileID: 4435344241331980648, guid: dff367a9d703cf34ba54603cb7b7746b,
    type: 3}
  m_PrefabInstance: {fileID: 5847864381189023820}
  m_PrefabAsset: {fileID: 0}
--- !u!1001 &5847864381239532661
PrefabInstance:
  m_ObjectHideFlags: 0
  serializedVersion: 2
  m_Modification:
    m_TransformParent: {fileID: 5847864380322330145}
    m_Modifications:
    - target: {fileID: 4435344241331980648, guid: dff367a9d703cf34ba54603cb7b7746b,
        type: 3}
      propertyPath: m_LocalPosition.x
      value: 10
      objectReference: {fileID: 0}
    - target: {fileID: 4435344241331980648, guid: dff367a9d703cf34ba54603cb7b7746b,
        type: 3}
      propertyPath: m_LocalPosition.y
      value: 3
      objectReference: {fileID: 0}
    - target: {fileID: 4435344241331980648, guid: dff367a9d703cf34ba54603cb7b7746b,
        type: 3}
      propertyPath: m_LocalPosition.z
      value: 0.040039062
      objectReference: {fileID: 0}
    - target: {fileID: 4435344241331980648, guid: dff367a9d703cf34ba54603cb7b7746b,
        type: 3}
      propertyPath: m_LocalRotation.x
      value: -0
      objectReference: {fileID: 0}
    - target: {fileID: 4435344241331980648, guid: dff367a9d703cf34ba54603cb7b7746b,
        type: 3}
      propertyPath: m_LocalRotation.y
      value: -0
      objectReference: {fileID: 0}
    - target: {fileID: 4435344241331980648, guid: dff367a9d703cf34ba54603cb7b7746b,
        type: 3}
      propertyPath: m_LocalRotation.z
      value: -0
      objectReference: {fileID: 0}
    - target: {fileID: 4435344241331980648, guid: dff367a9d703cf34ba54603cb7b7746b,
        type: 3}
      propertyPath: m_LocalRotation.w
      value: 1
      objectReference: {fileID: 0}
    - target: {fileID: 4435344241331980648, guid: dff367a9d703cf34ba54603cb7b7746b,
        type: 3}
      propertyPath: m_RootOrder
      value: 2
      objectReference: {fileID: 0}
    - target: {fileID: 4435344241331980648, guid: dff367a9d703cf34ba54603cb7b7746b,
        type: 3}
      propertyPath: m_LocalEulerAnglesHint.x
      value: 0
      objectReference: {fileID: 0}
    - target: {fileID: 4435344241331980648, guid: dff367a9d703cf34ba54603cb7b7746b,
        type: 3}
      propertyPath: m_LocalEulerAnglesHint.y
      value: 0
      objectReference: {fileID: 0}
    - target: {fileID: 4435344241331980648, guid: dff367a9d703cf34ba54603cb7b7746b,
        type: 3}
      propertyPath: m_LocalEulerAnglesHint.z
      value: 0
      objectReference: {fileID: 0}
    - target: {fileID: 4435344241331980649, guid: dff367a9d703cf34ba54603cb7b7746b,
        type: 3}
      propertyPath: m_Name
      value: Spawner (3)
      objectReference: {fileID: 0}
    m_RemovedComponents: []
  m_SourcePrefab: {fileID: 100100000, guid: dff367a9d703cf34ba54603cb7b7746b, type: 3}
--- !u!4 &7830154179059111197 stripped
Transform:
  m_CorrespondingSourceObject: {fileID: 4435344241331980648, guid: dff367a9d703cf34ba54603cb7b7746b,
    type: 3}
  m_PrefabInstance: {fileID: 5847864381239532661}
  m_PrefabAsset: {fileID: 0}
--- !u!1001 &5847864381350002580
PrefabInstance:
  m_ObjectHideFlags: 0
  serializedVersion: 2
  m_Modification:
    m_TransformParent: {fileID: 5847864380322330145}
    m_Modifications:
    - target: {fileID: 4435344241331980648, guid: dff367a9d703cf34ba54603cb7b7746b,
        type: 3}
      propertyPath: m_LocalPosition.x
      value: 10
      objectReference: {fileID: 0}
    - target: {fileID: 4435344241331980648, guid: dff367a9d703cf34ba54603cb7b7746b,
        type: 3}
      propertyPath: m_LocalPosition.y
      value: 4
      objectReference: {fileID: 0}
    - target: {fileID: 4435344241331980648, guid: dff367a9d703cf34ba54603cb7b7746b,
        type: 3}
      propertyPath: m_LocalPosition.z
      value: 0.040039062
      objectReference: {fileID: 0}
    - target: {fileID: 4435344241331980648, guid: dff367a9d703cf34ba54603cb7b7746b,
        type: 3}
      propertyPath: m_LocalRotation.x
      value: -0
      objectReference: {fileID: 0}
    - target: {fileID: 4435344241331980648, guid: dff367a9d703cf34ba54603cb7b7746b,
        type: 3}
      propertyPath: m_LocalRotation.y
      value: -0
      objectReference: {fileID: 0}
    - target: {fileID: 4435344241331980648, guid: dff367a9d703cf34ba54603cb7b7746b,
        type: 3}
      propertyPath: m_LocalRotation.z
      value: -0
      objectReference: {fileID: 0}
    - target: {fileID: 4435344241331980648, guid: dff367a9d703cf34ba54603cb7b7746b,
        type: 3}
      propertyPath: m_LocalRotation.w
      value: 1
      objectReference: {fileID: 0}
    - target: {fileID: 4435344241331980648, guid: dff367a9d703cf34ba54603cb7b7746b,
        type: 3}
      propertyPath: m_RootOrder
      value: 3
      objectReference: {fileID: 0}
    - target: {fileID: 4435344241331980648, guid: dff367a9d703cf34ba54603cb7b7746b,
        type: 3}
      propertyPath: m_LocalEulerAnglesHint.x
      value: 0
      objectReference: {fileID: 0}
    - target: {fileID: 4435344241331980648, guid: dff367a9d703cf34ba54603cb7b7746b,
        type: 3}
      propertyPath: m_LocalEulerAnglesHint.y
      value: 0
      objectReference: {fileID: 0}
    - target: {fileID: 4435344241331980648, guid: dff367a9d703cf34ba54603cb7b7746b,
        type: 3}
      propertyPath: m_LocalEulerAnglesHint.z
      value: 0
      objectReference: {fileID: 0}
    - target: {fileID: 4435344241331980649, guid: dff367a9d703cf34ba54603cb7b7746b,
        type: 3}
      propertyPath: m_Name
      value: Spawner (4)
      objectReference: {fileID: 0}
    m_RemovedComponents: []
  m_SourcePrefab: {fileID: 100100000, guid: dff367a9d703cf34ba54603cb7b7746b, type: 3}
--- !u!4 &7830154178871457532 stripped
Transform:
  m_CorrespondingSourceObject: {fileID: 4435344241331980648, guid: dff367a9d703cf34ba54603cb7b7746b,
    type: 3}
  m_PrefabInstance: {fileID: 5847864381350002580}
  m_PrefabAsset: {fileID: 0}
--- !u!1001 &7830154179200921216
PrefabInstance:
  m_ObjectHideFlags: 0
  serializedVersion: 2
  m_Modification:
    m_TransformParent: {fileID: 5847864380322330145}
    m_Modifications:
    - target: {fileID: 4435344241331980648, guid: dff367a9d703cf34ba54603cb7b7746b,
        type: 3}
      propertyPath: m_LocalPosition.x
      value: 10
      objectReference: {fileID: 0}
    - target: {fileID: 4435344241331980648, guid: dff367a9d703cf34ba54603cb7b7746b,
        type: 3}
      propertyPath: m_LocalPosition.y
      value: 1
      objectReference: {fileID: 0}
    - target: {fileID: 4435344241331980648, guid: dff367a9d703cf34ba54603cb7b7746b,
        type: 3}
      propertyPath: m_LocalPosition.z
      value: 0.040039062
      objectReference: {fileID: 0}
    - target: {fileID: 4435344241331980648, guid: dff367a9d703cf34ba54603cb7b7746b,
        type: 3}
      propertyPath: m_LocalRotation.x
      value: -0
      objectReference: {fileID: 0}
    - target: {fileID: 4435344241331980648, guid: dff367a9d703cf34ba54603cb7b7746b,
        type: 3}
      propertyPath: m_LocalRotation.y
      value: -0
      objectReference: {fileID: 0}
    - target: {fileID: 4435344241331980648, guid: dff367a9d703cf34ba54603cb7b7746b,
        type: 3}
      propertyPath: m_LocalRotation.z
      value: -0
      objectReference: {fileID: 0}
    - target: {fileID: 4435344241331980648, guid: dff367a9d703cf34ba54603cb7b7746b,
        type: 3}
      propertyPath: m_LocalRotation.w
      value: 1
      objectReference: {fileID: 0}
    - target: {fileID: 4435344241331980648, guid: dff367a9d703cf34ba54603cb7b7746b,
        type: 3}
      propertyPath: m_RootOrder
      value: 0
      objectReference: {fileID: 0}
    - target: {fileID: 4435344241331980648, guid: dff367a9d703cf34ba54603cb7b7746b,
        type: 3}
      propertyPath: m_LocalEulerAnglesHint.x
      value: 0
      objectReference: {fileID: 0}
    - target: {fileID: 4435344241331980648, guid: dff367a9d703cf34ba54603cb7b7746b,
        type: 3}
      propertyPath: m_LocalEulerAnglesHint.y
      value: 0
      objectReference: {fileID: 0}
    - target: {fileID: 4435344241331980648, guid: dff367a9d703cf34ba54603cb7b7746b,
        type: 3}
      propertyPath: m_LocalEulerAnglesHint.z
      value: 0
      objectReference: {fileID: 0}
    - target: {fileID: 4435344241331980649, guid: dff367a9d703cf34ba54603cb7b7746b,
        type: 3}
      propertyPath: m_Name
      value: Spawner (1)
      objectReference: {fileID: 0}
    m_RemovedComponents: []
  m_SourcePrefab: {fileID: 100100000, guid: dff367a9d703cf34ba54603cb7b7746b, type: 3}
--- !u!4 &5847864381649807336 stripped
Transform:
  m_CorrespondingSourceObject: {fileID: 4435344241331980648, guid: dff367a9d703cf34ba54603cb7b7746b,
    type: 3}
  m_PrefabInstance: {fileID: 7830154179200921216}
  m_PrefabAsset: {fileID: 0}
